<record><leader>00000cas a22000007a 4500</leader><controlfield tag="001">11189303</controlfield><controlfield tag="008">840924d18731885iauwr ne      0    0eng d</controlfield><datafield ind1=" " ind2=" " tag="010"><subfield code="a">sn 84038144 </subfield></datafield><datafield ind1=" " ind2=" " tag="040"><subfield code="a">NPX</subfield><subfield code="b">eng</subfield><subfield code="c">NPX</subfield><subfield code="d">INP</subfield><subfield code="d">OCLCQ</subfield></datafield><datafield ind1=" " ind2=" " tag="042"><subfield code="a">msc</subfield></datafield><datafield ind1="0" ind2="0" tag="245"><subfield code="a">Audubon County defender.</subfield></datafield><datafield ind1="3" ind2="0" tag="246"><subfield code="a">Audubon defender</subfield></datafield><datafield ind1=" " ind2=" " tag="260"><subfield code="a">Exira, Iowa :</subfield><subfield code="b">Emerson H. Kimball</subfield></datafield><datafield ind1=" " ind2=" " tag="300"><subfield code="a">v.</subfield></datafield><datafield ind1=" " ind2=" " tag="310"><subfield code="a">Weekly</subfield></datafield><datafield ind1="1" ind2=" " tag="362"><subfield code="a">Began in 1873; ceased in 1885?</subfield><subfield code="z">Cf. Bibl. of Iowa newspapers.</subfield></datafield><datafield ind1=" " ind2=" " tag="500"><subfield code="a">"County" appears above title ornament, &lt;1876&gt;.</subfield></datafield><datafield ind1=" " ind2=" " tag="500"><subfield code="a">Editor: Emerson H. Kimball, &lt;1876&gt;.</subfield></datafield><datafield ind1=" " ind2=" " tag="588"><subfield code="a">Description based on: Vol. 4, no. 14 (Aug. 4, 1876).</subfield></datafield><datafield ind1=" " ind2=" " tag="752"><subfield code="a">United States</subfield><subfield code="b">Iowa</subfield><subfield code="c">Audubon</subfield><subfield code="d">Exira.</subfield></datafield><datafield ind1="0" ind2="4" tag="785"><subfield code="t">Audubon advocate</subfield><subfield code="w">(DLC)sn 87057927</subfield><subfield code="w">(OCoLC)14763574</subfield></datafield><datafield ind1="1" ind2=" " tag="029"><subfield code="a">AU@</subfield><subfield code="b">000025819029</subfield></datafield></record>